% --Bibliografía
@techreport{etn-99,
	author = {{Empresa Provincial de Energia}},
	institution = {{Empresa Provincial de Energia}},
	organization = {EPE},
	title = {ETN 99: Suministro en Media Tensión para Grandes Clientes y Cooperativas},
	year = {2018},
	adress = {Santa Fe, Argentina},
	keywords={etn}
}