@book{rapin1997instalaciones,
	title={Instalaciones Frigoríficas},
	author={Rapin, P.J},
	isbn={9788426710918},
	url={https://books.google.com.ar/books?id=LAc3sKX0B_MC},
	volume={Tomo I},
	year={1997},
	publisher={Marcombo}
}
@book{dossat2004refrigeracion,
	title={Principios de Refrigeración},
	author={Roy J. Dossat},
	year={2004},
	publisher={Compañía Editorial Continental}
}
@book{whitman2008refrigeracion,
	title={Tecnología de la Refrigeración y Aire Acondicionado: Refrigeración comercial},
	author={William C. Whitman, William M. Johnson},
	year={2008},
	publisher={Paraninfo},
	volume={Tomo II}
}
@book{Franco2016Manual,
	title={Manual de refrigeraci\'on},
	author={Juan Manuel Franco Lij\'o},
	year={2016},
	publisher={Revert\'e}
}
@book{ari1,
	title        = {Manual de Refrigeración y Aire Acondicionado: Tomo I},
	author       = {{Air-Conditioning and Refrigeration Institute} ARI},
	year         = {2000},
	edition      = {3},
	publisher    = {Prentice Hall}
}
@manual{sarco-distribucion,
	title        = {Guía técnica: Distribución del vapor},
	author       = {{Spirax Sarco}},
	organization = {Spirax Sarco},
	address      = {Cheltenham, Reino Unido},
	year         = {2002}
}
@book{molanes2009vapor,
	author    = {Claudio A. Molanes},
	title     = {Compendio de Vapor y Máquinas Térmicas},
	year      = {2009},              % Cambiá esto por el año real de publicación
	publisher = {Edición del autor}
}
@manual{carrier2009,
	title        = {Manual de Aire Acondicionado},
	author       = {Carrier},
	year         = {2009},
	organization = {Carrier Air Conditioning Company},
	address      = {Barcelona},
	publisher = {Marcombo}
}
@online{ashrae2025conditions,
	author       = {{ASHRAE}},
	title        = {ASHRAE Climatic Design Conditions 2009/2013/2017/2021},
	year         = {2025},
	url          = {https://ashrae-meteo.info/v2.0/places.php?continent=Latin%20America},
	note         = {Consultado el 28 de abril de 2025},
	organization = {ASHRAE}
}
@book{quadri2020instalaciones,
	author    = {Quadri, P. Nestor},
	title     = {Instalaciones de Aire Acondicionado y Calefacción},
	edition   = {9},
	publisher = {Editorial Alsina},
	year      = {2020},
	address   = {Buenos Aires},
}
@book{quadri2007manual,
	author    = {Quadri, P. Nestor},
	title     = {Manual de Aire Acondicionado y Calefacción},
	edition   = {4},
	publisher = {Editorial Alsina},
	year      = {2007},
	address   = {Buenos Aires},
}
@book{quadri2021sistemas,
	author    = {Quadri, P. Nestor},
	title     = {Sistemas de Aire Acondicionado},
	edition   = {1},
	publisher = {Editorial Alsina},
	year      = {2021},
	address   = {Buenos Aires},
}
@online{RITE,
	title = {Reglamento de Instalaciones T\'ermicas de Edificios},
	author = {{VV.AA}},
	year = {2009},
	publisher = {Editorial Paraninfo S.A.},
	organization = {RITE}
}