@book{ME_JFM,
	author = {{Jesus Fraile Mora}},
	title = {Máquinas Eléctricas},
	year = {2008},
	edition = {6°},
	publisher = {Mc Graw Hill},
}
