@techreport{aea-reglamento,
	author = {{Asociación Electrotécnica Argentina}},
    institution = {{Asociación Electrotécnica Argentina}},
	title = {Reglamentación para la ejecución de líneas aéreas exteriores.},
	year = {2003},
    keywords  = "aea, normativa"
}
@techreport{aea90364-771,
	author = {{Asociación Electrotécnica Argentina}},
    institution = {{Asociación Electrotécnica Argentina}},
	title = {AEA 90364-7-771: Viviendas, oficinas y locales (unitarios).},
	note = {Parte 7: Reglas particulares para las instalaciones en lugares y locales especiales.},
	year = {2006}
}
@techreport{aea92305-0,
	author = {{Asociación Electrotécnica Argentina}},
	title        = {AEA 62305-0: Protección contra rayos.},
	year         = {2015},
	institution  = {{Asociación Electrotécnica Argentina}},
	note         = {Parte 0: Carta de nivel isoceráunico medio anual.},
}
@techreport{aea95401,
	author = {{Asociación Electrotécnica Argentina}},
	title        = {AEA 95401: Centros de Transformación y Suministro en Media Tensión.},
	year         = {2006},
	institution  = {{Asociación Electrotécnica Argentina}}
}

@techreport{iec62305-2,
	author = {{International Electrotechnical Commission}},
	title        = {IEC 62305-2: Protección contra el rayo.},
	year         = {2015},
	institution  = {{Asociación Electrotécnica Argentina}},
	note         = {Parte 2: Evaluación del riesgo},
}

@techreport{iec62305-3,
	author = {{International Electrotechnical Commission}},
	title        = {IEC 62305-3: Protección contra el rayo.},
	year         = {2006},
	institution  = {{Asociación Electrotécnica Argentina}},
	note         = {Parte 3: Daño físico a estructuras y riesgo Humano.},
}

@techreport{cuaderno-scheneider,
	author = {{Schneider Electrics}},
	institution = {{Schneider Electrics}},
	title = {Centros de Transformación MT/BT},
	note = {PT-004},
	year = {2000}
}
@manual{iram2099,
	title        = {IRAM 2099: Transformadores de potencia. Generalidades.},
	author       = {{Instituto Argentino de Normalización y Certificación}},
	year         = {1994},
	organization = {IRAM},
	address      = {Buenos Aires, Argentina}
}@techreport{etn-44,
	author = {{Empresa Provincial de Energia}},
	institution = {{Empresa Provincial de Energia}},
	organization = {EPE},
	title = {ETN 44: Celdas para distribución secundaria, tipo interior para 13,2 y 33 kV},
	year = {2021},
	adress = {Santa Fe, Argentina},
    keywords={etn}
}
@techreport{etn-98,
	author = {{Empresa Provincial de Energia}},
	institution = {{Empresa Provincial de Energia}},
	organization = {EPE},
	title = {ETN 98: Tendido de Cable Subterráneo de Baja y Media Tensión},
	year = {2023},
	adress = {Santa Fe, Argentina},
    keywords={etn}
}
@techreport{etn-99,
	author = {{Empresa Provincial de Energia}},
	institution = {{Empresa Provincial de Energia}},
	organization = {EPE},
	title = {ETN 99: Suministro en Media Tensión para Grandes Clientes y Cooperativas},
	year = {2018},
	adress = {Santa Fe, Argentina},
    keywords={etn}
}
@techreport{ieee80,
	author ={{Institute of Electrical and Electronics Engineers}},
	institution ={{Institute of Electrical and Electronics Engineers}},
	organization ={{IEE}},
	title = {Guide for Safety in AC Substation Grounding},
	year = {2000}
}

	
	
%LIBROS
@book{serrano,
	title = {Técnicas y Procesos en las Instalaciones Eléctricas de Media y Baja Tensión},
	author = {José Luis Sanz Serrano, José Carlos Toledano Gasca},
	year = {2006},
	publisher = {Thomnson Paraninfo},
	edition = {5ta ed.},
	address = {España}
}
@book{raull,
	title = {Diseño de Subestaciones Eléctricas},
	author = {José Raúll Martín},
	year = {2000},
	publisher = {McGraw-Hill},
	edition = {2da ed.},
	address = {México}
}

@book{trasancos,
	title = {Instalaciones Eléctricas de Media y Baja Tensión.},
	author = {José García Trasancos},
	year = {2011},
	publisher = {Paraninfo},
	edition = {6ta ed.},
	address = {España}
}
@book{lara1990sistemas,
	title={Sistemas de Distribución},
	author={Roberto Espinosa Lara},
	year={1990},
	publisher={Limusa}
}
@book{espinosa,
    title={Instalaciones de Distribución},
	author={José M. Espinosa},
	year={2016},
	publisher={Marcombo}
}